@article{moussaid2011how,
  title         = {How simple rules determine pedestrian behavior and crowd disasters},
  author        = {Moussa\"{\i}d, Mehdi and Helbing, Dirk and Theraulaz, Guy},
  volume        = 108,
  number        = 17,
  pages         = {6884--6888},
  doi           = {10.1073/pnas.1016507108},
  issn          = {0027-8424, 1091-6490},
  url           = {https://pnas.org/doi/full/10.1073/pnas.1016507108},
  urldate       = {2023-12-01},
  journaltitle  = {Proceedings of the National Academy of Sciences},
  shortjournal  = {Proc. Natl. Acad. Sci. U.S.A.},
  date          = {2011-04-26},
  langid        = {english}
}
